@article{
	thesis_template,
	author = {Daniel R Franklin and Keenan J Wilson},
	title = "{A LaTeX Thesis Template for the School of Electrical and Data Engineering}",
	journal = {IEEE Transactions on LaTeX Thesis Templates},
	volume = 1,
	number = 1,
	month = Oct,
	year = 2021
}

@book{alon2016probabilistic,
  title={The probabilistic method},
  author={Alon, Noga and Spencer, Joel H},
  year={2016},
  publisher={John Wiley \& Sons}
}

@article{frankston2021thresholds,
  title={Thresholds versus fractional expectation-thresholds},
  author={Frankston, Keith and Kahn, Jeff and Narayanan, Bhargav and Park, Jinyoung},
  journal={Annals of Mathematics},
  volume={194},
  number={2},
  pages={475--495},
  year={2021},
  publisher={Department of Mathematics, Princeton University Princeton, New Jersey, USA}
}

@article{park2022proof,
  title={A Proof of the Kahn-Kalai Conjecture},
  author={Park, Jinyoung and Pham, Huy Tuan},
  journal={arXiv e-prints},
  pages={arXiv--2203},
  year={2022}
}

@article{de2017random,
  title={Random numerical semigroups and a simplicial complex of irreducible semigroups},
  author={De Loera, Jesus and O'Neill, Christopher and Wilburne, Dane},
  journal={arXiv preprint arXiv:1710.00979},
  year={2017}
}

@article{chapman2020beyond,
  title={Beyond Coins, Stamps, and Chicken McNuggets: An Invitation to Numerical Semigroups},
  author={Chapman, Scott and Garcia, Rebecca and Oâ€™Neill, Christopher},
  journal={A Project-Based Guide to Undergraduate Research in Mathematics: Starting and Sustaining Accessible Undergraduate Research},
  pages={177--202},
  year={2020},
  publisher={Springer}
}

@book{rosales2009numerical,
  title={Numerical semigroups},
  author={Rosales, Jos{\'e} Carlos and Garc{\'\i}a-S{\'a}nchez, Pedro A and others},
  volume={20},
  year={2009},
  publisher={Springer}
}

@article{delgado2020conjecture,
  title={Conjecture of Wilf: a survey},
  author={Delgado, Manuel},
  journal={Numerical Semigroups: IMNS 2018},
  pages={39--62},
  year={2020},
  publisher={Springer}
}

