@book{alon2016probabilistic,
  title={The probabilistic method},
  author={Alon, Noga and Spencer, Joel H},
  year={2016},
  publisher={John Wiley \& Sons}
}

@article{frankston2021thresholds,
  title={Thresholds versus fractional expectation-thresholds},
  author={Frankston, Keith and Kahn, Jeff and Narayanan, Bhargav and Park, Jinyoung},
  journal={Annals of Mathematics},
  volume={194},
  number={2},
  pages={475--495},
  year={2021},
  publisher={Department of Mathematics, Princeton University Princeton, New Jersey, USA}
}

@article{park2022proof,
  title={A Proof of the Kahn-Kalai Conjecture},
  author={Park, Jinyoung and Pham, Huy Tuan},
  journal={arXiv e-prints},
  pages={arXiv--2203},
  year={2022}
}
